@BOOK{Smith2012,
   title = {Chemistry},
   publisher = {Publisher},
   author = {Smith, J.~M. and Jones, A.~B.},
   year = {2012},
   edition = {7th},
}

@misc{nodemcu,
   title = {{NodeMcu} kotisivut},
   url = {http://nodemcu.com/index_en.html},
   urldate = {2016-12-23},
}

@misc{hackaday,
   title = {HOW TO DIRECTLY PROGRAM AN INEXPENSIVE {ESP8266 WIFI} MODULE},
   url = {http://hackaday.com/2015/03/18/how-to-directly-program-an-inexpensive-esp8266-wifi-module/},
   urldate = {2016-12-23},
}
